
@book{anderson_applied_1992,
	title = {Applied groundwater modeling: simulation of flow and advective transport.},
	shorttitle = {Applied groundwater modeling},
	author = {Anderson, M. P and Woessner, W. W},
	year = {1992}
},

@article{li_specific_2008,
        title = {The Specific Temperature Increase Method for Repository Thermal Analysis},
        volume = {99},
        issn = {{0003-018X}},
        journal = {Transactions of the American Nuclear Society},
        author = {Li, J. and Yim, M. S and {McNelis}, D.},
        year = {2008},
        pages = {216 --- 218}
},

@article{hedin_integrated_2002,
	title = {Integrated analytic radionuclide transport model for a spent nuclear fuel repository in saturated fractured rock},
	volume = {138},
	url = {http://epubs.ans.org.proxy.uchicago.edu/download/?a=3287},
	number = {2},
	journal = {Nuclear Technology},
	author = {Hedin, A.},
	year = {2002}
},

@book{schwartz_fundamentals_2003,
	title = {Fundamentals of ground water},
	author = {Schwartz, F. W and Zhang, H.},
	year = {2003}
},

@book{wang_introduction_1982,
	title = {Introduction to groundwater modeling},
	publisher = {Freeman},
	author = {Wang, H. and Anderson, M. P},
	year = {1982}
},

@article{leij_analytical_1991,
	title = {Analytical solutions for solute transport in three-dimensional semi-infinite porous media},
	volume = {27},
	number = {10},
	journal = {Water resources research},
	author = {Leij, F. J and Skaggs, T. H and Van Genuchten, M. T},
	year = {1991},
	pages = {2719–2733}
},

@book{van_genuchten_analytical_1982,
	title = {Analytical solutions of the one-dimensional convective-dispersive solute transport equation},
	publisher = {{US} Dept. of Agriculture, Agricultural Research Service},
	author = {Van Genuchten, M. T},
	year = {1982}
},

@book{heath_basic_1983,
	title = {Basic ground-water hydrology},
	volume = {2220},
	publisher = {{US} Geological Survey},
	author = {Heath, R. C},
	year = {1983}
},

@misc{jrpol_diffusion.svg_2011,
	title = {Diffusion.svg},
	copyright = {{CC-BY-3.0}},
	shorttitle = {Diffusion},
	url = {http://upload.wikimedia.org/wikipedia/commons/1/12/Diffusion.svg},
	journal = {Wikimedia Commons},
	author = {{JrPol}},
	month = sep,
	year = {2011},
	howpublished = {{http://upload.wikimedia.org/wikipedia/commons/1/12/Diffusion.svg}}
},

@article{mason_oxidation_1949,
        title = {Oxidation and Reduction in Geochemistry},
        volume = {57},
        number = {1},
        journal = {The Journal of Geology},
        author = {Mason, Brian},
        month = jan,
        year = {1949},
        pages = {62--72},
        howpublished = {The University of Chicago Press}
},

@article{hammond_field_2010,
  title = {Field-Scale Modeling for the Natural Attenuation of Uranium at the Hanford 300 Area using High Performance Computing},
  author = {Hammond, G.E. and P.C. Lichtner},
  journal = {Water Resources Research}, 
  volume = {46}, 
  number = {W09527}, 
  year = {2010},
  note = {{doi:10.1029/2009WR008819}} 
},

@inproceedings{mills_modeling_2009,
  author = {R. T. Mills and G. E. Hammond and P. C. Lichtner and V. Sripathi and G. Mahinthakumar and B. F. Smith},
  year = {2009},
  title = {Modeling subsurface reactive flows using leadership-class computing},
  booktitle = {Journal of Physics: Conference Series Proceedings of SciDAC 2009},
  series = {180},
  number = {012062}, 
  note = {{doi:10.1088/1742-6596/180/1/012062}}
},

@misc{huff_cyclus:_2012,
	title = {Cyclus: A Nuclear Fuel Cycle Code from the University of Wisconsin Madison},
	url = {http://cyclus.github.com/},
	journal = {Cyclus: A Nuclear Fuel Cycle Code from the University of Wisconsin Madison},
	author = {Wilson, Paul P. H. and Huff, K. D. and Gidden, Matthew and Carlsen, Robert},
	year = {2012},
	howpublished = {http://cyclus.github.com}
},

@inproceedings{lisowski_global_2007,
	title = {Global Nuclear Energy Partnership},
	booktitle = {Global Nuclear Energy Partnership Annual Meeting},
	author = {Lisowski, P.},
	year = {2007}
},

@mastersthesis{oliver_geniusv2:_2009,
	title = {{GENIUSv2:} software design and mathematical formulations for multi-region discrete nuclear fuel cycle simulation and analysis},
	shorttitle = {{GENIUSv2}},
	url = {http://cnerg.engr.wisc.edu/cgi-bin/index.cgi/attach_get/15/NEEP-MS-KyleOliver.pdf},
	school = {{University of Wisconsin}},
	author = {Oliver, K. M},
	year = {2009}
},
@inproceedings{oliver_studying_2009,
        title = {Studying international fuel cycle robustness with the {GENIUSv2} discrete facilities/materials fuel cycle systems analysis tool },
        author = {Oliver, K.M. and Wilson, P.P.H. and Reveillere, A. and Dunn, K. and Ahn T.W. and Huﬀ, K.D. and Elmore, R.},
        booktitle = {Proceedings of Global 2009 : The Nuclear Fuel Cycle: Sustainable Options and Industrial Perspectives},
        address = {Paris, France},
        year = {2009}
},
@article{merali_computational_2010,
	title = {Computational science: {...Error}},
	volume = {467},
	issn = {0028-0836},
	url = {http://www.nature.com/doifinder/10.1038/467775a},
	doi = {10.1038/467775a},
	number = {7317},
	journal = {Nature},
	author = {Zeeya Merali},
	year = {2010},
	pages = {775--777}
},

@article{wilson_wheres_2010,
	title = {Where's the real bottleneck in scientific computing?},
	issn = {0003-0996},
	journal = {American Scientist},
	author = {G. V Wilson},
	year = {2010}
},

@misc{thw_.hacker.within_2010,
	title = {the.hacker.within},
	url = {http://hackerwithin.org/},
	year = {2010},
	howpublished = {http://hackerwithin.org/}
},

@article{wilson_software_2006,
	title = {Software Carpentry: Essential Software Skills for Research Scientists},
	shorttitle = {Software Carpentry},
	author = {Greg Wilson},
	year = {2006}
},

@inproceedings{hannay_how_2009,
	title = {How do scientists develop and use scientific software?},
	booktitle = {Proceedings of the 2009 {ICSE} Workshop on Software Engineering for Computational Science and Engineering},
	author = {J. E Hannay and C. {MacLeod} and J. Singer and H. P Langtangen and D. Pfahl and G. Wilson},
	year = {2009},
	pages = {1-8}
},

@inproceedings{huff_numerical_2012,
       title = {Numerical Calibration of an Analytical Generic Nuclear Repository Heat Transfer Model},
       booktitle = {Proceedings of the 2012 American Nuclear Society Annual Conference},
       author = {K.D. Huff and T.H. Bauer},
       address = {Chicago, {IL}},
       year = {2012},
       volume = {106},
       pages = {260--263}
},
@inproceedings{huff_rapid_2011,
       title = {Rapid Peer Education of a Computational Nuclear Engineering Skill Suite},
       booktitle = {Proceedings of the 2011 American Nuclear Society Annual Conference},
       author = {K.D. Huff and A.M. Scopatz and N.D. Preston and P.P.H. Wilson},
       address = {Hollywood, {FL}},
       year = {2011},
       volume = {104},
       pages = {103-104}
},

@inproceedings{huff_open_2011,
       title = {Open Architecture and Modular Paradigm of Cyclus, a Fuel Cycle Simulation Code},
       booktitle = {Proceedings of the 2011 American Nuclear Society Annual Conference},
       author = {K.D. Huff and P.P.H. Wilson and M.J. Gidden},
       address = {Hollywood, {FL}},
       year = {2011},
       volume = {104},
       pages = {183-184}
},
@misc{huff_cyder_2012,
  title = {Cyder: A Generic Nuclear Repository Model },
  author = {Huff, K.D.},
  url = {https://github.com/katyhuff/cyder},
  howpublished = {https://github.com/katyhuff/cyder},
  year = {2011}
},
@misc{pyne_pyne_2011,
  title = {{PyNE:} Python For Nuclear Engineering},
  author = {{PyNE} Development Team},
  institution = {{PyNE} Development Team},
  url = {http://pyne.github.com},
  howpublished = {http://pyne.github.com},
  year = {2011}
},
@misc{cyder_github_2012,
  title = {Cyder: A Cyclus disposal environment and repository object.},
  author = {Huff, K.D.},
  institution= {University of Wisconsin Computational Nuclear Engineering Research Group},
  url = {https://github.com/katyhuff/cyder},
  howpublished = {https://github.com/katyhuff/cyder},
  year = {2012}
},
@misc{cyclus_github_2011,
  title = {Cyclus: A next generation fuel cycle simulator environment},
  author = {Wilson, P.P.H. and Huff, K.D. and Gidden, M.J. and Carlsen, R.W.},
  institution= {University of Wisconsin Computational Nuclear Engineering Research Group},
  url = {http://cyclus.github.com},
  howpublished = {http://cyclus.github.com},
  year = {2011}
},
@misc{cyclus_google_2010,
  title = {Cyclus: A next generation fuel cycle simulator environment},
  author = {Wilson, Paul and Huff, Kathryn and Gidden, Matthew and Carlsen, Robert},
  institution= {University of Wisconsin Computational Nuclear Engineering Research Group},
  url = {http://code.google.com/p/cyclus/},
  howpublished = {http://code.google.com/p/cyclus/},
  year = {2010}
},
@techreport{huff_digital_2004,
  title = {Digital Filtering Application to the Lead Slowing Down Spectrometer},
  author = {Huff, K.D. and O'Donnell, J.M.},
  institution = {Los Alamos Neutron Science Center},
  month = aug,
  year = {2004}
},

@techreport{huff_single_2003,
  title = {Excess Single Event Effects in the Second Chip of a Series},
  author = {Huff, K.D. and Takala, B.},
  institution = {Los Alamos Neutron Science Center},
  month = aug,
  year = {2003}
},

@misc{huff_celestial_2008,
	title = {Celestial Calibrations of the QUIET telescope},
	author = {Huff, K.},
	url = {http://homepages.cae.wisc.edu~/khuff/papers/CalibrationsThesis.pdf},
	school = {University of Chicago},
        note = {{Undergraduate Thesis}},
	year = {2008}
},

@article{clerc_liquid_2008,
  title = {Liquid-Solid-Like Transition in Quasi-One-Dimensional Driven Granular Media}, 
  author = {Clerc, M. and Cordero, P. and Dunstan, J. and Huff, K. and Risso, D.  and Mujica, N. and Varas, G.}, 
  journal = {Nature Physics}, 
  volume = {4}, 
  pages = {249 -- 254}, 
  year = {2008}
},

@techreport{huff_sensitivity_2012,
  title = {FY12 Sensitivity Studies Using the UFD Clay Generic Disposal System 
    Model},
  author = { Huff, K.D. and Nutt, W.M. },
  institution = {Argonne National Laboratory},
  month = jul,
  year = {2012}
},
@techreport{huff_benchmarking_2012,
  title = { Benchmarking a New Closed-Form Thermal Analysis Technique Against a 
    Traditional Lumped Parameter, Finite-Diﬀerence Method},
  author = { Huff, K.D. and Bauer, T.H. },
  institution = {Argonne National Laboratory},
  number = {{FCRD}--{UFD}-2012-000142},
  month = jul,
  year = {2012}
},
@techreport{huff_next_2010,
  title = { Next Generation Fuel Cycle Simulator Functions and Requirements Document},
  author = { Huff, K.D. and Dixon, B.W. and Braase, L. },
  institution = {Idaho National Laboratory},
  number = {{FCRD}--{SYSA}--2010-000110},
  month = jul,
  year = {2010}
},
@inproceedings{huff_cyclus_2011,
       title = { Poster Abstract : Cyclus, An Open, Modular, Next Generation Fuel Cycle Simulator Platform },
       booktitle = {Proceedings of the 2011 Waste Management Symposium},
       author = {K.D. Huff },
       address = {Phoenix, AZ},
       month = mar,
       year = {2011}
},
@inproceedings{huff_genius_2009,
      author= {Huff, K. and Oliver, K. and Wilson, P.P.H.},
      title = {{GENIUSv2} Discrete Facilities/Materials Modeling of International Fuel Cycle Robustness}, 
      booktitle = {Transactions of the American Nuclear Society Winter Conference},
      address = {Washington D.C.},
      month = nov,
      year = {2009}
},
@TECHREPORT{blue_report_2012,
  author = {{The Blue Ribbon Commission On America's Nuclear Future}},
  title = {Report to the Secretary of Energy},
  institution = {Department of Energy},
  year = {2012},
  address = {1000 Independence Avenue, SW, Washington, DC 20585},
  month = jan,
  note = {http://brc.gov},
},
@techreport{nutt_used_2010,
        title = {Used fuel disposition research and development {roadmap-FY10} status.},
        institution = {Argonne National Laboratory {(ANL)}},
        author = {Nutt, W. M.},
        year = {2010}
},
@article{doe_yucca_2002,
        title = {Yucca Mountain Science and Engineering Report},
        volume = {1},
        url = {http://www.energy.gov/media/SER.PDF},
        journal = {{US} Department of Energy, Las Vegas, {NV} {DOE/RW-0539-1}, Rev},
        author = {{DOE}},
        year = {2002}
},
@techreport{williams_total_2001,
        title = {Total System Performance {Assessment–Analyses} for Disposal of Commercial and {DOE} Waste Inventories at Yucca {Mountain–Input} to Final Environmental Impact Statement and Site Suitability Evaluation {REV} 00 {ICN} 02},
        author = {Williams, N. H.},
        year = {2001},
        pages = {2001}
},
